@article{kaluza1921,
    title={Zum Unit{\"a}tsproblem der Physik},
    author={Kaluza, Theodor},
    journal={Sitzungsber. Preuss. Akad. Wiss. Berlin (Math. Phys.)},
    volume={1921},
    pages={966--972},
    year={1921}
}

@article{klein1926,
    title={Quantentheorie und f{\"u}nfdimensionale Relativit{\"a}tstheorie},
    author={Klein, Oskar},
    journal={Z. Phys.},
    volume={37},
    pages={895--906},
    year={1926}
}

@book{polchinski1998,
    title={String Theory},
    author={Polchinski, Joseph},
    publisher={Cambridge University Press},
    year={1998}
}

@book{rovelli2004,
    title={Quantum Gravity},
    author={Rovelli, Carlo},
    publisher={Cambridge University Press},
    year={2004}
}

@incollection{thorne1987,
    title={Gravitational Waves},
    author={Thorne, Kip S.},
    booktitle={300 Years of Gravitation},
    publisher={Cambridge University Press},
    year={1987}
}

@article{cardoso2015,
    title={Exploring New Physics Frontiers Through Gravitational Wave Astronomy},
    author={Cardoso, Vitor and Gualtieri, Leonardo and Herdeiro, Carlos and Sperhake, Ulrich},
    journal={Living Rev. Relativity},
    volume={18},
    pages={1},
    year={2015}
}

@article{cardoso2016,
    title={Is the Gravitational-Wave Ringdown a Probe of the Event Horizon?},
    author={Cardoso, Vitor and Franzin, Edgardo and Pani, Paolo},
    journal={Phys. Rev. Lett.},
    volume={116},
    pages={171101},
    year={2016}
}

@article{abedi2017,
    title={Echoes from the Abyss: Tentative Evidence for Planck-Scale Structure at Black Hole Horizons},
    author={Abedi, Jahed and Dykaar, Hannah and Afshordi, Niayesh},
    journal={Phys. Rev. D},
    volume={96},
    pages={082004},
    year={2017}
}

@article{ligo2019,
    title={GWTC-1: A Gravitational-Wave Transient Catalog of Compact Binary Mergers Observed by LIGO and Virgo during the First and Second Observing Runs},
    author={{LIGO Scientific Collaboration and Virgo Collaboration}},
    journal={Phys. Rev. X},
    volume={9},
    pages={031040},
    year={2019}
}

@article{gw150914,
    title={GW150914: The Advanced LIGO Detectors in the Era of First Discoveries},
    author={Abbott, B. P. and others},
    collaboration={LIGO Scientific Collaboration and Virgo Collaboration},
    journal={Phys. Rev. Lett.},
    volume={116},
    pages={131103},
    year={2016}
}